@ARTICLE{ziegler96,
  author={Ziegler, J. F.},
  journal={IBM Journal of Research and Development}, 
  title={Terrestrial cosmic rays}, 
  year={1996},
  volume={40},
  number={1},
  pages={19-39},
  doi={10.1147/rd.401.0019}
}


@article{ziegler79,
    doi = {10.1126/science.206.4420.776},
    author = {J. F. Ziegler  and W. A. Lanford},
    title = {Effect of Cosmic Rays on Computer Memories},
    journal = {Science},
    volume = {206},
    number = {4420},
    pages = {776-788},
    year = {1979},
    doi = {10.1126/science.206.4420.776},
    URL = {https://www.science.org/doi/abs/10.1126/science.206.4420.776},
}

@article{ziegler81,
    author = {Ziegler, J. F. and Lanford, W. A.},
    title = "{The effect of sea level cosmic rays on electronic devices}",
    journal = {Journal of Applied Physics},
    volume = {52},
    number = {6},
    pages = {4305-4312},
    year = {1981},
    month = {06},
    issn = {0021-8979},
    doi = {10.1063/1.329243},
    url = {https://doi.org/10.1063/1.329243},
}

@article{mittal16,
  author={Mittal, Sparsh and Vetter, Jeffrey S.},
  journal={IEEE Transactions on Parallel and Distributed Systems}, 
  title={A Survey of Techniques for Modeling and Improving Reliability of Computing Systems}, 
  year={2016},
  volume={27},
  number={4},
  pages={1226-1238},
  doi={10.1109/TPDS.2015.2426179}}



@misc{nappa2021dejavu,
      title={Deja-Vu: A Glimpse on Radioactive Soft-Error Consequences on Classical and Quantum Computations}, 
      author={Antonio Nappa and Christopher Hobbs and Andrea Lanzi},
      year={2021},
      eprint={2105.05103},
      archivePrefix={arXiv},
      primaryClass={cs.CR}
}

@article{burtt20,
    author = {Gavin Burtt},
    title =	{How An Ionizing Particle From Outer Space Helped A Mario Speedrunner Save Time},
    journal = {TheGamer},
    year = {2020},
    url = {https://www.thegamer.com/how-ionizing-particle-outer-space-helped-super-mario-64-speedrunner-save-time/},
}

@article{shunkov20,
    author = {V. Shunkov},
    title = {Common misconceptions on the radiation hardness of integrated circuits},
    journal = {Habr.com},
    year = {2020},
    url = {https://habr.com/en/articles/518366/}
}


@book{UNSCEAR08,
   author = {UNSCEAR},
   title = {Sources and Effects of Ionizing Radiation},
   publisher = {United Nations},
   year = {2008},
   volume = {1},
   url = {https://www.un-ilibrary.org/content/books/9789210582520},
   doi = {10.18356/cb7b6e26-en},
}